<?xml version="1.0" encoding="UTF-8"?><collection xmlns="http://www.loc.gov/MARC21/slim"><record><leader>00522nam--2200169-i-4500</leader><controlfield tag="001">000012883</controlfield><controlfield tag="002">20161230</controlfield><controlfield tag="005">20170128144338</controlfield><controlfield tag="008">060222s1000------------r-----000-0-eng-d</controlfield><datafield ind1=" " ind2=" " tag="080"><subfield code="a">531.19</subfield></datafield><datafield ind1=" " ind2=" " tag="100"><subfield code="a">Biggs, Norman</subfield></datafield><datafield ind1=" " ind2=" " tag="245"><subfield code="a">International models. Course given a Royal Holl Oway College, University of London , October December 1976</subfield></datafield><datafield ind1=" " ind2=" " tag="260"><subfield code="a">Cambridge</subfield><subfield code="b">Universiry Press</subfield><subfield code="c">1977</subfield></datafield><datafield ind1=" " ind2=" " tag="300"><subfield code="a">101 p</subfield></datafield><datafield ind1=" " ind2=" " tag="490"><subfield code="a">London Mathematical Society Lecture Notes Series</subfield></datafield><datafield ind1=" " ind2=" " tag="852"><subfield code="a">43940</subfield></datafield><datafield ind1=" " ind2=" " tag="CAT"><subfield code="a">SYS</subfield><subfield code="c">20170128</subfield><subfield code="h">144338</subfield></datafield></record></collection>